@book{yf,
    author      = {Young, Hugh D. and Freedman, Roger A.},
    title       = {University Physics with Modern Physics},
    edition     = {14th},
    year        = {2015},
    publisher   = {Pearson Addison-Wesley}
}

@misc{livsmedelsverket,
    title       = {Radioaktiva ämnen - cesium},
    institution = {Livsmedelsverket},
    note        = {Granskad 2025-01-07, besökt 2025-01-28}
}

@misc{instructions,
    author      = {Elfgren, Erik and Fredriksson, Sverker and Marklund, Sune},
    title       = {Instruktion för laborationen – Radioaktivitet},
    year        = {2022},
    institution = {Luleå tekniska universitet},
    note        = {Hämtad 2025-01-28}
}

@book{fysika,
    author      = {Elfgren, Erik},
    title       = {Fysika},
    edition     = {6th},
    year        = {2020},
    publisher   = {Luleå tekniska universitet}
}
